@article{landrieu2017structured,
    title={{A structured regularization framework for spatially smoothing semantic labelings of 3D point clouds}},
    author={Landrieu, Loic and Raguet, Hugo and Vallet, Bruno and Mallet, Cl{\'e}ment and Weinmann, Martin},
    journal={ISPRS Journal of Photogrammetry and Remote Sensing},
    volume={132},
    pages={102--118},
    year={2017},
    publisher={Elsevier}
}
@article{postadjian2017investigating,
    title={{Investigating the Potential of Deep Neural Networks for Large-Scale Classification of Very High Resolution Satellite Images}},
    author={Postadjian, Tristan and Le Bris, Arnaud and Sahbi, Hichem and Mallet, Cl{\'e}ment},
    journal={ISPRS Annals of Photogrammetry, Remote Sensing and Spatial Information Sciences},
    pages={183--190},
    year={2017}
}
@article{tutic2016google,
    title={Google Maps State of the Art of the Online Road Map},
    author={Tuti{\'c}, Dra{\v{z}}en and Fran{\v{c}}ula, Nedjeljko},
    journal={Kartografija i geoinformacije},
    volume={15},
    number={26},
    pages={110--113},
    year={2016},
    publisher={Hrvatsko kartografsko dru{\v{s}}tvo}
}
@article{ahmed2017fusion,
    title={Fusion of local and global features for effective image extraction},
    author={Ahmed, Khawaja Tehseen and Irtaza, Aun and Iqbal, Muhammad Amjad},
    journal={Applied Intelligence},
    volume={47},
    number={2},
    pages={526--543},
    year={2017},
    publisher={Springer}
}
@online{EsaRadar,
    author = {ESA},
    title = {{Radar Course 3: Classification of ERS-1 SAR images with Neural Networks}},
    year = 2018,
    url = {https://earth.esa.int/web/guest/missions/esa-operational-eo-missions/ers/instruments/sar/applications/radar-courses/content-3/-/asset_publisher/mQ9R7ZVkKg5P/content/radar-course-3-classification-of-ers-1-sar-images-with-neural-networks}
}
@online{StirlingWiki,
    author = {Wikipedia},
    title = {{Stirling numbers of the second kind}},
    year = 2018,
    url = {https://en.wikipedia.org/wiki/Stirling_numbers_of_the_second_kind}
}
@online{BellWiki,
    author = {Wikipedia},
    title = {{Bell number}},
    year = 2018,
    url = {https://en.wikipedia.org/wiki/Bell_number}
}
@online{ROCS,
    author = {OpenEye},
    title = {{Drawing ROC Curve}},
    year = 2018,
    url = {https://docs.eyesopen.com/toolkits/cookbook/python/plotting/roc.html}
}
@article{achanta2012slic,
    title={SLIC superpixels compared to state-of-the-art superpixel methods},
    author={Achanta, Radhakrishna and Shaji, Appu and Smith, Kevin and Lucchi, Aurelien and Fua, Pascal and S{\"u}sstrunk, Sabine and others},
    journal={IEEE transactions on pattern analysis and machine intelligence},
    volume={34},
    number={11},
    pages={2274--2282},
    year={2012},
    publisher={Institute of Electrical and Electronics Engineers, Inc., 345 E. 47 th St. NY~â€¦}
}
@incollection{hastie2009unsupervised,
    title={Unsupervised learning},
    author={Hastie, Trevor and Tibshirani, Robert and Friedman, Jerome},
    booktitle={The elements of statistical learning},
    pages={485--585},
    year={2009},
    publisher={Springer}
}
@article{ward1963hierarchical,
    title={Hierarchical grouping to optimize an objective function},
    author={Ward Jr, Joe H},
    journal={Journal of the American statistical association},
    volume={58},
    number={301},
    pages={236--244},
    year={1963},
    publisher={Taylor \& Francis Group}
}
@inproceedings{inaba1994applications,
    title={Applications of weighted Voronoi diagrams and randomization to variance-based k-clustering},
    author={Inaba, Mary and Katoh, Naoki and Imai, Hiroshi},
    booktitle={Proceedings of the tenth annual symposium on Computational geometry},
    pages={332--339},
    year={1994},
    organization={ACM}
}
@techreport{ball1965isodata,
    title={ISODATA, a novel method of data analysis and pattern classification},
    author={Ball, Geoffrey H and Hall, David J},
    year={1965},
    institution={Stanford research inst Menlo Park CA}
}
@phdthesis{schrynemackers2009using,
    title={Using machine learning to analyze biological molecular interaction networks},
    author={Schrynemackers, Marie},
    year={2009},
    school={University of Liege}
}
